<record xmlns="http://www.loc.gov/MARC21/slim" xmlns:xsi="http://www.w3.org/2001/XMLSchema-instance" xsi:schemaLocation="http://www.loc.gov/MARC21/slim http://www.loc.gov/standards/marcxml/schema/MARC21slim.xsd"><leader>     nam a22        4500</leader><controlfield tag="001">4405994</controlfield><controlfield tag="003">NIC</controlfield><controlfield tag="006">m        d        </controlfield><controlfield tag="007">cr cn |||m|||a</controlfield><controlfield tag="008">150323r19731910ir      o     000 0 arar </controlfield><datafield ind1=" " ind2=" " tag="040"><subfield code="a">NNU</subfield><subfield code="b">eng</subfield><subfield code="e">rda</subfield><subfield code="c">NNU</subfield></datafield><datafield ind1=" " ind2="4" tag="050"><subfield code="a">B751</subfield><subfield code="b">.M4 1973</subfield></datafield><datafield ind1="0" ind2=" " tag="100"><subfield code="6">880-01</subfield><subfield code="a">Avicenna,</subfield><subfield code="d">980-1037.</subfield></datafield><datafield ind1="1" ind2="3" tag="245"><subfield code="6">880-02</subfield><subfield code="a">Al-Qas&#803;i&#772;dah al-muzdawijah fi&#772; al-mant&#803;iq wa-Mant&#803;iq al-Mashriqi&#772;yi&#772;n /</subfield><subfield code="c">tas&#803;ni&#772;f Abi&#772; &#699;Ali&#772; ibn Si&#772;na&#772;.</subfield></datafield><datafield ind1="1" ind2="5" tag="246"><subfield code="6">880-03</subfield><subfield code="a">Mant&#803;iq al-Mashriqi&#772;yi&#772;n</subfield></datafield><datafield ind1=" " ind2=" " tag="260"><subfield code="6">880-04</subfield><subfield code="a">Tihra&#772;n :</subfield><subfield code="b">Maktabat al-Ja&#699;fari&#772; al-Tabri&#772;zi&#772;,</subfield><subfield code="c">[1973]</subfield></datafield><datafield ind1=" " ind2=" " tag="300"><subfield code="a">online resource (39, 18, 83, 3 pages)</subfield></datafield><datafield ind1=" " ind2=" " tag="336"><subfield code="a">text</subfield><subfield code="2">rdacontent</subfield></datafield><datafield ind1=" " ind2=" " tag="337"><subfield code="a">computer</subfield><subfield code="2">rdamedia</subfield></datafield><datafield ind1=" " ind2=" " tag="338"><subfield code="a">online resource</subfield><subfield code="2">rdacarrier</subfield></datafield><datafield ind1=" " ind2=" " tag="500"><subfield code="a">Cover title.</subfield></datafield><datafield ind1=" " ind2=" " tag="500"><subfield code="a">Reprint of the 1910? ed.</subfield></datafield><datafield ind1=" " ind2=" " tag="500"><subfield code="a">Part of the Arabic Collections Online (ACO) project, contributed by Cornell University Libraries.</subfield></datafield><datafield ind1=" " ind2=" " tag="533"><subfield code="a">Electronic reproduction.</subfield><subfield code="b">New York, N.Y. :</subfield><subfield code="c">New York University,</subfield><subfield code="d">2015.</subfield><subfield code="5">NNU</subfield></datafield><datafield ind1=" " ind2="0" tag="650"><subfield code="a">Logic</subfield><subfield code="v">Early works to 1800.</subfield></datafield><datafield ind1=" " ind2="7" tag="650"><subfield code="a">Logic.</subfield><subfield code="2">fast</subfield><subfield code="0">(OCoLC)fst01002014</subfield></datafield><datafield ind1=" " ind2="7" tag="655"><subfield code="a">Early works.</subfield><subfield code="2">fast</subfield><subfield code="0">(OCoLC)fst01411636</subfield></datafield><datafield ind1="0" ind2="2" tag="700"><subfield code="6">880-05</subfield><subfield code="a">Avicenna,</subfield><subfield code="d">980-1037.</subfield><subfield code="t">Mant&#803;iq al-Mashriqi&#772;yi&#772;n.</subfield></datafield><datafield ind1="2" ind2=" " tag="710"><subfield code="a">Cornell University.</subfield><subfield code="b">Libraries.</subfield></datafield><datafield ind1="0" ind2=" " tag="730"><subfield code="a">Arabic Collections Online.</subfield></datafield><datafield ind1="0" ind2="8" tag="776"><subfield code="i">Online version:</subfield><subfield code="a">Avicenna, 980-1037.</subfield><subfield code="t">Qas&#803;i&#772;dah al-muzdawijah fi&#772; al-mant&#803;iq wa-Mant&#803;iq al-Mashriqi&#772;yi&#772;n.</subfield><subfield code="d">Tihra&#772;n : Maktabat al-Ja&#699;fari&#772; al-Tabri&#772;zi&#772;, [1973]</subfield><subfield code="w">(OCoLC)587258053</subfield></datafield><datafield ind1="0" ind2="8" tag="776"><subfield code="i">Print version:</subfield><subfield code="a">Avicenna, 980-1037.</subfield><subfield code="t">Al-Qas&#803;i&#772;dah al-muzdawijah fi&#772; al-mant&#803;iq wa-Mant&#803;iq al-Mashriqi&#772;yi&#772;n</subfield><subfield code="w">(NIC)4405994</subfield><subfield code="w">(DLC)   73960850 </subfield><subfield code="w">(OCoLC)20541202</subfield></datafield><datafield ind1="4" ind2="0" tag="856"><subfield code="u">http://hdl.handle.net/2333.1/5qftth76</subfield></datafield><datafield ind1="0" ind2=" " tag="880"><subfield code="6">100-01/r</subfield><subfield code="a">&#1571;&#1576;&#1608; &#1593;&#1604;&#1610; &#1576;&#1606; &#1587;&#1610;&#1606;&#1575;&#1548;</subfield><subfield code="d">980-1037.</subfield></datafield><datafield ind1="1" ind2="2" tag="880"><subfield code="6">245-02/r</subfield><subfield code="a">&#1575;&#1604;&#1602;&#1589;&#1610;&#1583;&#1577; &#1575;&#1604;&#1605;&#1586;&#1583;&#1608;&#1580;&#1577; &#1601;&#1610; &#1575;&#1604;&#1605;&#1606;&#1591;&#1602; &#1608;&#1605;&#1606;&#1591;&#1602; &#1575;&#1604;&#1605;&#1588;&#1585;&#1602;&#1610;&#1610;&#1606; /</subfield><subfield code="c">&#1578;&#1589;&#1606;&#1610;&#1601; &#1575;&#1576;&#1610; &#1593;&#1604;&#1610; &#1576;&#1606; &#1587;&#1610;&#1606;&#1575;.</subfield></datafield><datafield ind1="1" ind2="5" tag="880"><subfield code="6">246-03/r</subfield><subfield code="a">&#1605;&#1606;&#1591;&#1602; &#1575;&#1604;&#1605;&#1588;&#1585;&#1602;&#1610;&#1610;&#1606;</subfield></datafield><datafield ind1=" " ind2=" " tag="880"><subfield code="6">260-04/r</subfield><subfield code="a">&#1578;&#1607;&#1585;&#1575;&#1606; :</subfield><subfield code="b">&#1605;&#1603;&#1578;&#1576;&#1577; &#1575;&#1604;&#1580;&#1593;&#1601;&#1585;&#1610; &#1575;&#1604;&#1578;&#1576;&#1585;&#1610;&#1586;&#1610;&#1548;</subfield><subfield code="c">[1973]</subfield></datafield><datafield ind1="0" ind2=" " tag="880"><subfield code="6">700-05/r</subfield><subfield code="a">&#1571;&#1576;&#1608; &#1593;&#1604;&#1610; &#1576;&#1606; &#1587;&#1610;&#1606;&#1575;&#1548;</subfield><subfield code="d">980-1037.</subfield><subfield code="t">&#1605;&#1606;&#1591;&#1602; &#1575;&#1604;&#1605;&#1588;&#1585;&#1602;&#1610;&#1610;&#1606;.</subfield></datafield><datafield ind1=" " ind2=" " tag="959"><subfield code="a">NNU</subfield><subfield code="b">WEB</subfield><subfield code="c">GENI</subfield><subfield code="t">0</subfield><subfield code="m">Electronic access</subfield><subfield code="s">01</subfield></datafield><datafield ind1=" " ind2=" " tag="999"><subfield code="i">NIC_4405994</subfield><subfield code="o">(OCoLC)ocm20541202</subfield><subfield code="s">cornell_aco000220</subfield><subfield code="e">(ERROR-880)</subfield><subfield code="s">cornell_aco000220</subfield></datafield></record>